@book{leveque_finite_2007,
	address = {Philadelphia, PA},
	title = {Finite difference methods for ordinary and partial differential equations: steady-state and time-dependent problems},
	isbn = {978-0-89871-629-0},
	shorttitle = {Finite difference methods for ordinary and partial differential equations},
	publisher = {Society for Industrial and Applied Mathematics},
	author = {LeVeque, Randall J.},
	year = {2007},
	keywords = {Differential equations, Finite differences},
	annote = {Finite difference approximations -- Steady states and boundary value problems -- Elliptic equations -- Iterative methods for sparse linear systems -- The initial value problem for ordinary differential equations -- Zero-stability and convergence for initial value problems -- Absolute stability for ordinary differential equations -- Stiff ordinary differential equations -- Diffusion equations and parabolic problems -- Addiction equations and hyperbolic systems -- Mixed equations -- Appendixes: A. Measuring errors -- B. Polynomial interpolation and orthogonal polynomials -- C. Eigenvalues and inner-product norms -- D. Matrix powers and exponentials -- E. Partial differential equations},
	file = {9780898716290:C\:\\Users\\trist\\Zotero\\storage\\INVURVES\\1.9780898717839.appa.pdf:application/pdf;Leveque - Finite Difference Methods.pdf:C\:\\Users\\trist\\Downloads\\Leveque - Finite Difference Methods.pdf:application/pdf},
}